<record><leader>00000cas a2200000 a 4500</leader><controlfield tag="001">11144900</controlfield><controlfield tag="008">840912d19081924ksuwr ne      0   a0eng d</controlfield><controlfield tag="009">3789</controlfield><datafield ind1=" " ind2=" " tag="010"><subfield code="a">sn 84029690 </subfield></datafield><datafield ind1=" " ind2=" " tag="040"><subfield code="a">KSH</subfield><subfield code="b">eng</subfield><subfield code="c">KSH</subfield><subfield code="d">NPT</subfield><subfield code="d">OCL</subfield><subfield code="d">DLC</subfield><subfield code="d">OCLCF</subfield></datafield><datafield ind1="0" ind2=" " tag="022"><subfield code="a">2329-2431</subfield><subfield code="2">1</subfield></datafield><datafield ind1=" " ind2=" " tag="042"><subfield code="a">msc</subfield><subfield code="a">nsdp</subfield></datafield><datafield ind1=" " ind2=" " tag="043"><subfield code="a">n-us-ks</subfield></datafield><datafield ind1="0" ind2="0" tag="050"><subfield code="a">Newspaper</subfield></datafield><datafield ind1="0" ind2="0" tag="082"><subfield code="a">071</subfield><subfield code="2">23</subfield></datafield><datafield ind1=" " ind2="4" tag="222"><subfield code="a">The Hays free press</subfield><subfield code="b">(Print)</subfield></datafield><datafield ind1="0" ind2="4" tag="245"><subfield code="a">The Hays free press.</subfield></datafield><datafield ind1=" " ind2=" " tag="260"><subfield code="a">Hays, Kan. :</subfield><subfield code="b">Harry Freese,</subfield><subfield code="c">1908-1924.</subfield></datafield><datafield ind1=" " ind2=" " tag="300"><subfield code="a">16 v. :</subfield><subfield code="b">ill. ;</subfield><subfield code="c">54-59 cm.</subfield></datafield><datafield ind1=" " ind2=" " tag="310"><subfield code="a">Weekly</subfield></datafield><datafield ind1="0" ind2=" " tag="362"><subfield code="a">Vol. 26, no. 31 (June 13, 1908)-v. 42, no. 31 (July 1, 1924).</subfield></datafield><datafield ind1=" " ind2=" " tag="500"><subfield code="a">Published by A.L. Clark &amp; Son, Jan. 17, 1914-July 1, 1924.</subfield></datafield><datafield ind1=" " ind2=" " tag="530"><subfield code="a">Archived issues are available in digital format as part of the Library of Congress Chronicling America online collection.</subfield></datafield><datafield ind1=" " ind2=" " tag="525"><subfield code="a">Has occasional supplements.</subfield></datafield><datafield ind1=" " ind2="0" tag="651"><subfield code="a">Hays (Kan.)</subfield><subfield code="v">Newspapers.</subfield></datafield><datafield ind1=" " ind2="7" tag="655"><subfield code="a">Newspapers.</subfield><subfield code="2">fast</subfield><subfield code="0">(OCoLC)fst01423814</subfield></datafield><datafield ind1=" " ind2="7" tag="651"><subfield code="a">Kansas</subfield><subfield code="z">Hays.</subfield><subfield code="2">fast</subfield><subfield code="0">(OCoLC)fst01216707</subfield></datafield><datafield ind1=" " ind2=" " tag="752"><subfield code="a">United States</subfield><subfield code="b">Kansas</subfield><subfield code="c">Ellis</subfield><subfield code="d">Hays.</subfield></datafield><datafield ind1="0" ind2="8" tag="776"><subfield code="i">Online version:</subfield><subfield code="t">Hays free press (Online)</subfield><subfield code="x">2329-244X</subfield><subfield code="w">(DLC)  2013218781</subfield><subfield code="w">(OCoLC)844946606</subfield></datafield><datafield ind1="0" ind2="0" tag="780"><subfield code="t">Free press (Hays, Kan.)</subfield><subfield code="x">2329-2415</subfield><subfield code="w">(DLC)sn 84029696</subfield><subfield code="w">(OCoLC)11144953</subfield></datafield><datafield ind1="0" ind2="7" tag="785"><subfield code="t">Ellis County news (Hays City, Kan. : 1915)</subfield><subfield code="w">(DLC)sn 84029700</subfield><subfield code="w">(OCoLC)11144872</subfield></datafield><datafield ind1="0" ind2="7" tag="785"><subfield code="t">Ellis County news and the Hays free press</subfield><subfield code="w">(DLC)sn 84029691</subfield><subfield code="w">(OCoLC)11144909</subfield></datafield><datafield ind1="4" ind2="1" tag="856"><subfield code="u">http://chroniclingamerica.loc.gov/lccn/sn84029690/issues</subfield></datafield></record>